<?xml version="1.0" encoding="UTF-8"?><collection xmlns="http://www.loc.gov/MARC21/slim"><record><leader>00662nam--2200193-u-4500</leader><controlfield tag="001">000054723</controlfield><controlfield tag="002">20161230</controlfield><controlfield tag="005">20161230201051</controlfield><controlfield tag="008">120525s1000------------r-----000-0-rum-d</controlfield><datafield ind1=" " ind2=" " tag="040"><subfield code="a">IFIN-HH</subfield></datafield><datafield ind1=" " ind2=" " tag="041"><subfield code="a">rum</subfield></datafield><datafield ind1=" " ind2=" " tag="080"><subfield code="a">539.142.3:539.163.2:539.144.3(043)</subfield></datafield><datafield ind1="1" ind2=" " tag="100"><subfield code="a">Avrigeanu, Vlad</subfield></datafield><datafield ind1="1" ind2="0" tag="245"><subfield code="a">Contributii la studii de spectroscopie nucleara in patura nucleara f-p prin metoda atenuarii deplasarii doppler (dsam)</subfield><subfield code="b">Teza</subfield><subfield code="c">Vlad avrigeanu</subfield></datafield><datafield ind1=" " ind2=" " tag="260"><subfield code="a">Bucuresti</subfield><subfield code="b">Institutul De Fizica Si Inginerie Nucleara</subfield><subfield code="c">1980</subfield></datafield><datafield ind1=" " ind2=" " tag="300"><subfield code="a">173 + DIF</subfield></datafield><datafield ind1=" " ind2=" " tag="502"><subfield code="a">Conducator Stiintific: Dr. Marin Ivascu</subfield></datafield><datafield ind1=" " ind2=" " tag="852"><subfield code="a">48317</subfield><subfield code="c">539.163.2</subfield></datafield><datafield ind1=" " ind2=" " tag="CAT"><subfield code="a">Sys</subfield><subfield code="c">20120525</subfield><subfield code="h">134049</subfield></datafield></record></collection>